<record><leader>00000cas a22000007a 4500</leader><controlfield tag="001">21981281</controlfield><controlfield tag="008">900709d18401841nhusr ne      0    0eng d</controlfield><datafield ind1=" " ind2=" " tag="010"><subfield code="a">sn 90062278 </subfield></datafield><datafield ind1=" " ind2=" " tag="040"><subfield code="a">NVH</subfield><subfield code="b">eng</subfield><subfield code="c">NVH</subfield><subfield code="d">OCLCQ</subfield></datafield><datafield ind1=" " ind2=" " tag="042"><subfield code="a">msc</subfield></datafield><datafield ind1="0" ind2=" " tag="130"><subfield code="a">People's herald (Pembroke, N.H.)</subfield></datafield><datafield ind1="1" ind2="4" tag="245"><subfield code="a">The People's herald.</subfield></datafield><datafield ind1=" " ind2=" " tag="260"><subfield code="a">Pembroke, N.H. :</subfield><subfield code="b">J. Kidder</subfield></datafield><datafield ind1=" " ind2=" " tag="300"><subfield code="a">v.</subfield></datafield><datafield ind1=" " ind2=" " tag="310"><subfield code="a">Semimonthly</subfield></datafield><datafield ind1="0" ind2=" " tag="362"><subfield code="a">Vol. 1, no. 1 (Dec. 14, 1840)-</subfield></datafield><datafield ind1="1" ind2=" " tag="362"><subfield code="a">Ceased in 1841?</subfield></datafield><datafield ind1=" " ind2=" " tag="752"><subfield code="a">United States</subfield><subfield code="b">New Hampshire</subfield><subfield code="c">Merrimack</subfield><subfield code="d">Pembroke.</subfield></datafield><datafield ind1="0" ind2="4" tag="785"><subfield code="t">Manchester memorial</subfield><subfield code="w">(DLC)sn 84023804</subfield></datafield></record>